@article{zhang2022fine,
  title={The fine-scale associations between socioeconomic status, density, functionality, and spread of COVID-19 within a high-density city},
  author={Zhang, Anshu and Shi, Wenzhong and Tong, Chengzhuo and Zhu, Xiaosheng and Liu, Yijia and Liu, Zhewei and Yao, Yepeng and Shi, Zhicheng},
  journal={BMC infectious diseases},
  volume={22},
  number={1},
  pages={274},
  year={2022},
  publisher={Springer}
}

@article{xiang2022delightlcd,
  title={DeLightLCD: A Deep and Lightweight Network for Loop Closure Detection in LiDAR SLAM},
  author={Xiang, Haodong and Zhu, Xiaosheng and Shi, Wenzhong and Fan, Wenzheng and Chen, Pengxin and Bao, Sheng},
  journal={IEEE Sensors Journal},
  volume={22},
  number={21},
  pages={20761--20772},
  year={2022},
  publisher={IEEE}
}